=LDR  00231cam a2200073K  45 0
=001  a1111
=008  870518s1946\\\\bl\\\\\\\\\\\\000\0\por\d
=245  13$aILB (Inter-Library Borrowing) --> Green
=999  \\$aZ666 .P31 C6 1946$wLC$i36105129694373$lSTACKS$mILB$tSTKS-MONO

