=LDR  00249cam a2200073K  45 0
=001  a2222
=008  870518s1946\\\\bl\\\\\\\\\\\\000\0\por\d
=245  13$aSPEC-DESK (Special Collections Loan Desk) --> Green
=999  \\$aS666 .P31 C6 1946$wLC$i36105129694373$lSTACKS$mSPEC-DESK$tSTKS-MONO

