=LDR  00246nam a22000731  4500
=001  a115472
=008  740123s1966\\\\ii\a\\\\\\\\\\000\0\eng\\
=245  10$aAPPLIEDPHY = Applied Physics Department stacks
=999  \\$aHC241.25 .I4 D47$wLC$i36105033811451$lSTACKS$mAPPLIEDPHY$tSTKS-MONO

