=LDR  00231cam a2200073 a 4500
=001  a229800
=008  870909s1986\\\\enka\\\\\\\\\\000\0\eng\d
=245  00$aARS = Archive of Recorded Sound stacks
=999  \\$aHG6046 .V28 1986$wLC$i36105034181003$lSTACKS$mARS$tSTKS-MONO

