=LDR  00224cam a2200073 a 4500
=001  a345228
=008  891204s1990\\\\ru\\\\\\\\\\\\000\0\rus\\
=245  10$aART = Art & Architecture stacks
=999  \\$aD764.7 .K72 1990$wLC$i36105043140537$lSTACKS$mART$tSTKS-MONO

