=LDR  00328nam a22000855? 4500
=001  a575946
=008  910118s1990||||gw\|||||||||||||||||ger|d
=245  14$agreen stacks checked out
=999  \\$aCB3 .A6 SUPPL. V.31$wLC$i36105035087092$kCHECKEDOUT$lSTACKS$mGREEN$tSTKS-MONO
=999  \\$aCB3 .A6 SUPPL. V.32$wLC$i36105035087093$kCHECKEDOUT$lSTACKS$mGREEN$tSTKS-MONO

