=LDR  00224cam a2200073   4500
=001  a690002
=008  711019s1955\\\\xx\\\\\\\\\\\\000\0\eng\u
=245  10$aSAL3 = Off-campus (SAL3) stacks
=999  \\$a159.32 .W211$wDEWEY$i36105046693508$lSTACKS$mSAL3$tSTKS-MONO

