=LDR  00236cam a2200073 i 4500
=001  a804724
=008  800812s1979\\\\ilu\\\\\\b\\\\000\0\eng\\
=245  10$aSAL-NEWARK = Off-campus (Newark) stacks
=999  \\$aZ7164.T23.W45$wLC$i36105035887392$lSTACKS$mSAL-NEWARK$tSTKS-MONO

