=LDR  00259cam a2200073 i 4500
=001  a919006
=008  770207r19771901gw\\\\\\\b\\\\001\0\ger\d
=245  10$aCHEMCHMENG = Swain (Chemistry & Chem. Engineering) stacks
=999  \\$aPA3998 .H2 O5 1977$wLC$i36105036688153$lSTACKS$mCHEMCHMENG$tSTKS-MONO

