=LDR  00221nam a2200073ui 4500
=001  a1147269
=008  851028s1977\\\\onc\\\\\\b\\\\000\0\eng\\
=245  10$aCLASSICS = Classics stacks
=999  \\$aPR9184.6 .M3$wLC$i36105037871261$lSTACKS$mCLASSICS$tSTKS-MONO

