=LDR  00233nam a2200073ua 4500
=001  a1261173
=008  870715r19741700ctu\\\\\a\\\\\000\0\eng\d
=245  14$agreen media-mtxt
=999  \\$aMFILM N.S. 1350 REEL 230 NO. 3741$wALPHANUM$i001AFX2969$lMEDIA-MTXT$mGREEN$tNH-MICR

