=LDR  00244cam a2200073 i 4500
=001  a1391080
=008  790103s1978\\\\sp\cf\\\\\\\\\000\0\spa\\
=245  10$aCPM = Green - Current Periodicals & Microtext stacks
=999  \\$aPQ6653.A646.V5$wLC$i36105038701285$lSTACKS$mCPM$tSTKS-MONO

