=LDR  00251cam a2200073ua 4500
=001  a1505065
=008  830617s1983\\\\nyuah\\\\\\\\\001\0\eng\\
=245  14$aEARTH-SCI = Branner (Earth Sciences & Maps) stacks
=999  \\$aTD811.5 .G76 1983$wLC$i36105039395095$lSTACKS$mEARTH-SCI$tSTKS-MONO

