=LDR  00244cam a2200073 a 4500
=001  a1618836
=008  860425s1983\\\\sp\a\\\\\\\\\\000\1\spa\d
=245  14$aEDUCATION = Cubberley (Education) stacks
=999  \\$aPQ6666.E7484 B4 1983$wLC$i36105040261765$lSTACKS$mEDUCATION$tSTKS-MONO

