=LDR  00241nam a22000731  4500
=001  a1732616
=008  840514s1962\\\\enk\\\\\\b\\\\000\0\eng\\
=245  10$aMATH-CS = Mathematical & Computer Sciences stacks
=999  \\$aQA273 .C83 1962$wLC$i36105033142303$lSTACKS$mMATH-CS$tSTKS

