=LDR  00223nam a2200073 a 4500
=001  a1849258
=008  860314s1924\\\\enka\\\\\b\\\\001\0\eng\d
=245  14$aENG = Engineering stacks
=999  \\$a352.042 .C594 ED.2$wDEWEY$i36105047516096$lSTACKS$mENG$tSTKS-MONO

