=LDR  00200cam a2200073 i 4500
=001  a1962398
=008  790220||||||||||||\\\\\\\\\\\|||\|\eng\\
=245  12$aSAL SAL-PAGE
=999  \\$aZ3871.Z8$wLC$i36105082101390$lSAL-PAGE$mSAL$tSTKS-MONO

