=LDR  00230nam a2200073Ma 4500
=001  a2099904
=008  850729s1918\\\\ru\\\\\\\\\\\\000\0\rusod
=245  10$aGOV-DOCS = Government Documents stacks
=999  \\$aDK43 .B63$wLC$i36105041442281$lSTACKS$mGOV-DOCS$tSTKS-MONO

