=LDR  00321cam a2200085   4500
=001  a2214009
=008  711202s1949\\\\ilu\\\\\\b\\\\000\0\eng\\
=245  10$aeducation - withdrawn;  SAL3 = Off-campus (SAL3) stacks
=999  \\$a370.1 .S655$wDEWEY$i36105033336798$lWITHDRAWN$mEDUCATION
=999  \\$a370.1 .S655$wDEWEY$i36105033336780$lSTACKS$mSAL3$tSTKS-MONO

