=LDR  00374cam a2200097   4500
=001  a2328381
=008  770114s1920\\\\xx\\\\\\\\\\\\000\0\eng\\
=245  12$aSAL stacks - 2 copies, SAL3 stacks - one
=999  \\$aPR3724.T3$wLC$i36105003934432$lSTACKS$mSAL$tSTKS-MONO
=999  \\$aPR3724.T3$wLC$i36105003934424$lSTACKS$mSAL$tSTKS-MONO
=999  \\$a827.5 .S97TG$wDEWEY$i36105048104132$lSTACKS$mSAL3$tSTKS-MONO

