=LDR  00235cam a2200073 a 4500
=001  a2442876
=008  921105s1992\\\\sz\\\\\\\\\\\\000\1\fre\\
=245  14$aGRN-REF = Green - Reference stacks
=999  \\$aPQ2678.I26 P54 1992$wLC$i36105043436257$lSTACKS$mGRN-REF$tSTKS-MONO

