=LDR  00210cam a2200073 i 4500
=001  a2557826
=008  790520m1977\\\\dcua\\\\\\\\\f000\0\eng\d
=245  10$agreen fed-docs
=999  \\$aE 1.28:COO-4274-1$wSUDOC$i001AMR5851$lFED-DOCS$mGREEN$tGOVSTKS

