=LDR  00232cam a2200073 a 4500
=001  a2678655
=008  850719s1985\\\\dcua\\\\\b\\\f000\0\eng\d
=245  00$aJACKSON = Jackson (Business) stacks
=999  \\$aGA 1.13:RCED-85-88$wSUDOC$i001ANE5736$lSTACKS$mJACKSON$tGOVSTKS

