=LDR  00218nam a2200073 a 4500
=001  a2797607
=008  940412s1993\\\\gw\c\\\\\b\\\\001\0\ger\c
=245  10$aMEYER = Meyer stacks
=999  \\$aB781 .A33 I55 1993$wLC$i36105004381195$lSTACKS$mMEYER$tSTKS-MONO

