=LDR  00205cam a2200073   4500
=001  a2913114
=008  710329s1971\\\\nyu\\\\\\b\\\\001\0\eng\\
=245  10$asal sal-page
=999  \\$aDS135 .P6 I65$wLC$i36105082973251$lSAL-PAGE$mSAL$tSTKS-MONO

