=LDR  00247nam a2200073 a 4500
=001  a3027805
=008  950630s1995\\\\it\\\\\\\\\\\\000\0\ita\\
=245  10$aHOPKINS = Miller (Hopkins Marine Station) stacks
=999  \\$aDG579 .A5 A5 1995$wLC$i36105016935392$lSTACKS$mHOPKINS$tSTKS-MONO

