=LDR  00217nam a2200073 a 4500
=001  a3142611
=008  920617s1978\\\\cau\\\\\\\\\\\000\0\eng\c
=245  10$aPhysics stacks
=999  \\$aPS3553 .L337 F76 1978$wLC$i36105017175519$lSTACKS$mPHYSICS$tSTKS-MONO

