=LDR  00211nam a22000735a 4500
=001  a3277173
=008  910725s1991\\\\fr\af\\\\\\\\\00000\fre\\
=245  14$awithdrawn green stacks
=999  \\$aWDRNALW4497$wASIS$i001ALW4497$kWITHDRAWN$lSTACKS$mGREEN

