=LDR  00251cam a2200073Ia 4500
=001  a3400092
=008  970424s1996\\\\fr\\\\\\\b\\\\000\0\fre\d
=245  12$aHV-ARCHIVE = Hoover Institution Archives stacks
=999  \\$aDC34.5 .A78 L4 1996$wLC$i36105020376997$lSTACKS$mHV-ARCHIVE$tSTKS-MONO

