=LDR  00214cam a2200073I  4500
=001  a3743949
=008  730111s1971\\\\fr\f\\\\\b\\\\000\0\spa\\
=245  13$aHoover Institution stacks
=999  \\$aPQ6613 .A73 G44$wLC$i3743949-1001$lSTACKS$mHOOVER$tSTKS

