=LDR  00307pam a2200085 a 4500
=001  a3941911
=008  971224s1998\\\\nyu\\\\\\\\\\\000\1\eng\\
=245  10$agreen bender; sal3 stacks
=999  \\$aPS3557 .O5829 K3 1998$wLC$i36105025373064$lBENDER$mGREEN$tNONCIRC
=999  \\$aPS3557 .O5829 K3 1998$wLC$i36105019748495$lSTACKS$mSAL3$tSTKS-MONO

