=LDR  00206cas a22000737a 4500
=001  a4114632
=008  961105d19961996dcuuuu\\\\\\\f0\\\\0eng\d
=245  00$agreen fed-docs
=999  \\$aITC 1.15/3:$wSUDOC$i4114632-1001$lFED-DOCS$mGREEN$tGOVSTKS

