=LDR  00251nam a22000737a 4500
=001  a4258089
=008  991005s1997\\\\dcu\\\\\b\\\\f000\0\eng\d
=245  02$aSPEC-COLL = Special Collections & University Archives
=999  \\$aNAS 1.26:205100$wSUDOC$i4258089-1001$lSTACKS$mSPEC-COLL$tGOVSTKS

