=LDR  00240cam a2200073 a 4500
=001  a4428936
=008  000828s2000\\\\it\\\\\\\b\\\\000\0\ita\c
=245  03$aTANNER = Tanner (Philosophy) stacks
=999  \\$aPN1993.5 .I88 C5618 2000$wLC$i36105021909747$lSTACKS$mTANNER$tSTKS-MONO

