=LDR  00220nam a2200073 a 4500
=001  a4823592
=008  020717s2001\\\\dcuab\\\\b\\\f000\0\eng\c
=245  10$aCrown (Law) basement
=999  \\$aY 4.G 74/7:G 21/10$wSUDOC$i36105063104488$lBASEMENT$mLAW$tLAW-STKS

