=LDR  00206cam a2200073Ia 4500
=001  a5666387
=008  040202s2003\\\\fi\g\\\\\b\\\\100\0deng\d
=245  10$amusic stacks
=999  \\$aML410 .S54 I58 2000$wLC$i36105114964369$lSTACKS$mMUSIC$tSTKS

