=LDR  00236cam a2200073Mi 45 0
=001  a6493823
=008  060502s2005\\\\mx\\\\\\\\\\\\000\0\spa\d
=245  13$aSUL = Stanford University Libraries stacks
=999  \\$aF1356 .M464 2005$wLC$i36105122224160$lSTACKS$mSUL$tSTKS-MONO

