=LDR  00218cam a22000731a 4500
=001  a6676531
=008  060727s1982\\\\ja\a\\\\\\\\\\000\0ajpn\\
=245  10$aeast-asia japanese
=999  \\$aRD35 .H34 1982$wLC$i36105095758004$lJAPANESE$mEAST-ASIA$tSTKS-MONO

