=LDR  00198nas a2200073z  4500
=001  a7117119
=008  071214uuuuuuuuuxx\uu\|ss\\\\u|\\\\||||\d
=245  1\$aSUL internet
=999  \\$aINTERNET RESOURCE$wASIS$i7117119-1001$lINTERNET$mSUL

