=LDR  00215cam a2200073Li 4500
=001  a7233951
=008  980209s1851\\\\ohu\\\\\s\\\\\00|\0\eng\u
=245  14$aLane (Medical)  ASK@LANE
=999  \\$aX578 .S64 1851$wLC$iLL124341$lASK@LANE$mLANE-MED$tMEDICAL

