=LDR  00203cam a2200073Li 4500
=001  a7370014
=008  980209s1969\\\\sz\\\\\\\\\\\\00|\0\ger\u
=245  10$aLANE-MED stacks
=999  \\$aNO CALL NUMBER$wLC$iLL94379$lSTACKS$mLANE-MED$tMEDICAL

