=LDR  00215cam a2200073K  45 0
=001  a7651581
=008  870518s1946\\\\bl\\\\\\\\\\\\000\0\por\d
=245  13$aSAL3 INPROCESS
=999  \\$aPQ9661 .P31 C6 1946$wLC$i36105129694373$lINPROCESS$mSAL3$tSTKS-MONO

