=LDR  00331cas a2200085 a 4500
=001  a460947
=008  830415c19809999vauuu\\\\a\\\\0\\\\0eng\\
=245  00$aSCIENCE = Science (Li and Ma) stacks
=999  \\$aE184.S75 R47A V.1 1980$wLCPER$i36105007402873$lSTACKS$mSCIENCE$tSTKS-MONO
=999  \\$aE184.S75 R47A V.2 1980$wLCPER$i36105007402874$lSTACKS$mSCIENCE$tSTKS-MONO

