=LDR  00222nam a2200073 a 4500
=001  a11847684
=008  160929t20172017enka\\\\\b\\\\001\0\eng\d
=245  10$aSCIENCE = Science (Li and Ma)
=999  \\$aTP155 .C62 2017$wLC$i36105225457808$lPOPSCI$mSCIENCE$tSTKS

